@article{Gauld:2021zmq,
    author = "Gauld, Rhorry",
    title = "{A massive variable flavour number scheme for the Drell-Yan process}",
    eprint = "2107.01226",
    archivePrefix = "arXiv",
    primaryClass = "hep-ph",
    reportNumber = "NIKHEF 2021-14",
    doi = "10.21468/SciPostPhys.12.1.024",
    journal = "SciPost Phys.",
    volume = "12",
    number = "1",
    pages = "024",
    year = "2022"
}

@article{Denner:2019vbn,
    author = "Denner, Ansgar and Dittmaier, Stefan",
    title = "{Electroweak Radiative Corrections for Collider Physics}",
    eprint = "1912.06823",
    archivePrefix = "arXiv",
    primaryClass = "hep-ph",
    reportNumber = "FR-PHENO-019",
    doi = "10.1016/j.physrep.2020.04.001",
    journal = "Phys. Rept.",
    volume = "864",
    pages = "1--163",
    year = "2020"
}

@article{Buccioni:2019sur,
    author = {Buccioni, Federico and Lang, Jean-Nicolas and Lindert, Jonas M. and Maierh\"ofer, Philipp and Pozzorini, Stefano and Zhang, Hantian and Zoller, Max F.},
    title = "{OpenLoops 2}",
    eprint = "1907.13071",
    archivePrefix = "arXiv",
    primaryClass = "hep-ph",
    reportNumber = "IPPP/19/62, FR-PHENO-2019-12, PSI-PR-19-15, ZU-TH 37/19",
    doi = "10.1140/epjc/s10052-019-7306-2",
    journal = "Eur. Phys. J. C",
    volume = "79",
    number = "10",
    pages = "866",
    year = "2019"
}